<?xml version="1.0" encoding="UTF-8" ?>
<collection xmlns:xsi="http://www.w3.org/2001/XMLSchema-instance"
    xsi:schemaLocation="http://www.loc.gov/MARC21/slim
        http://www.loc.gov/standards/marcxml/schema/MARC21slim.xsd"
    xmlns="http://www.loc.gov/MARC21/slim">
<record>
  <leader>00262cam a2200505 ia4500</leader>
  <controlfield tag="001">b12359373</controlfield>
  <controlfield tag="003">LeBAU</controlfield>
  <controlfield tag="005">20131009</controlfield>
  <controlfield tag="008">970221s1928    ua afh        ||0 0 ara d</controlfield>
  <datafield tag="035" ind1=" " ind2=" ">
    <subfield code="a">ocn784254302</subfield>
  </datafield>
  <datafield tag="040" ind1=" " ind2=" ">
    <subfield code="a">LEAUB</subfield>
    <subfield code="b">ara</subfield>
    <subfield code="e">rda</subfield>
    <subfield code="c">LEAUB</subfield>
    <subfield code="d">LEAUB</subfield>
  </datafield>
  <datafield tag="082" ind1="0" ind2="4">
    <subfield code="a">181.07</subfield>
    <subfield code="2">22</subfield>
  </datafield>
  <datafield tag="110" ind1="2" ind2=" ">
    <subfield code="6">880-01</subfield>
    <subfield code="a">Ikhwān al-Ṣafāʼ,</subfield>
    <subfield code="e">author.</subfield>
  </datafield>
  <datafield tag="245" ind1="1" ind2="0">
    <subfield code="6">880-02</subfield>
    <subfield code="a">Rasāʼil Ikhwān al-Ṣafāʼ wa khillān al-wafāʼ /</subfield>
    <subfield code="c">ʻuniya bi-taṣḥīḥih Khayr al-Dīn al-Ziriklī.</subfield>
  </datafield>
  <datafield tag="264" ind1=" " ind2="1">
    <subfield code="6">880-03</subfield>
    <subfield code="a">Miṣr :</subfield>
    <subfield code="b">al-Maṭbaʻah al-ʻArabīyah,</subfield>
    <subfield code="c">1347 H. = 1928 M.</subfield>
  </datafield>
  <datafield tag="300" ind1=" " ind2=" ">
    <subfield code="6">880-04</subfield>
    <subfield code="a">4 volumes :</subfield>
    <subfield code="b">illustrations, facsimilies ;</subfield>
    <subfield code="c">24 cm</subfield>
  </datafield>
  <datafield tag="336" ind1=" " ind2=" ">
    <subfield code="a">text</subfield>
    <subfield code="b">txt</subfield>
    <subfield code="2">rdacontent</subfield>
  </datafield>
  <datafield tag="336" ind1=" " ind2=" ">
    <subfield code="a">still image</subfield>
    <subfield code="b">sti</subfield>
    <subfield code="2">rdacontent</subfield>
  </datafield>
  <datafield tag="337" ind1=" " ind2=" ">
    <subfield code="a">unmediated</subfield>
    <subfield code="b">n</subfield>
    <subfield code="2">rdamedia</subfield>
  </datafield>
  <datafield tag="338" ind1=" " ind2=" ">
    <subfield code="a">volume</subfield>
    <subfield code="b">nc</subfield>
    <subfield code="2">rdacarrier</subfield>
  </datafield>
  <datafield tag="500" ind1=" " ind2=" ">
    <subfield code="a">النسختان الأولى والثانية: 4 أجزاء ببليوغرافية في 2 جزء مادي.</subfield>
  </datafield>
  <datafield tag="541" ind1=" " ind2=" ">
    <subfield code="a">النسخة الثالثة: هبة من د. سمير الصليبي.</subfield>
  </datafield>
  <datafield tag="650" ind1=" " ind2="4">
    <subfield code="a">الفلسفة الاسلامية</subfield>
    <subfield code="v">اعمال قديمة حتى 1800.</subfield>
  </datafield>
  <datafield tag="650" ind1=" " ind2="4">
    <subfield code="a">الإسلام</subfield>
    <subfield code="v">أعمال قديمة حتى 1800.</subfield>
  </datafield>
  <datafield tag="650" ind1=" " ind2="0">
    <subfield code="a">Islamic philosophy</subfield>
    <subfield code="v">Early works to 1800.</subfield>
  </datafield>
  <datafield tag="650" ind1=" " ind2="0">
    <subfield code="a">Islam</subfield>
    <subfield code="v">Early works to 1800.</subfield>
  </datafield>
  <datafield tag="700" ind1="1" ind2=" ">
    <subfield code="6">880-05</subfield>
    <subfield code="a">Ziriklī, Khayr al-Dīn,</subfield>
    <subfield code="d">1893-1976,</subfield>
    <subfield code="e">corrector.</subfield>
  </datafield>
  <datafield tag="852" ind1=" " ind2=" ">
    <subfield code="a">Jafet Library</subfield>
    <subfield code="e">American University of Beirut, Bliss Street , Beirut, Lebanon.</subfield>
  </datafield>
  <datafield tag="880" ind1="2" ind2=" ">
    <subfield code="6">110-01/(3/r</subfield>
    <subfield code="a">اخوان الصفاء،</subfield>
    <subfield code="e">مؤلف. </subfield>
    <subfield code="4">aut.</subfield>
  </datafield>
  <datafield tag="880" ind1="1" ind2="0">
    <subfield code="6">245-02/(3/r</subfield>
    <subfield code="a">رسائل إخوان الصفاء وخلان الوفاء /</subfield>
    <subfield code="c">عني بتصحيحه خير الدين الزركلي.</subfield>
  </datafield>
  <datafield tag="880" ind1=" " ind2="1">
    <subfield code="6">264-03/(3/r</subfield>
    <subfield code="a">مصر :</subfield>
    <subfield code="b">المطبعة العربية،</subfield>
    <subfield code="c">1347 هـ. = 1928 م.</subfield>
  </datafield>
  <datafield tag="880" ind1=" " ind2=" ">
    <subfield code="6">300-04/(3/r</subfield>
    <subfield code="a">4 أجزاء :</subfield>
    <subfield code="b">مصورات، صور طبق الأصل ؛</subfield>
    <subfield code="c">24 سم</subfield>
  </datafield>
  <datafield tag="880" ind1="1" ind2=" ">
    <subfield code="6">700-05/(3/r</subfield>
    <subfield code="a">الزركلي، خير الدين،</subfield>
    <subfield code="d">1893-1976،</subfield>
    <subfield code="e">مصحح. </subfield>
    <subfield code="4">crr.</subfield>
  </datafield>
  <datafield tag="907" ind1=" " ind2=" ">
    <subfield code="a">.b12359373</subfield>
    <subfield code="b">16-08-25</subfield>
    <subfield code="c">11-05-24</subfield>
  </datafield>
  <datafield tag="907" ind1=" " ind2=" ">
    <subfield code="a">.b12359373</subfield>
    <subfield code="b">15-10-15</subfield>
    <subfield code="c">11-05-24</subfield>
  </datafield>
  <datafield tag="945" ind1=" " ind2=" ">
    <subfield code="f">J</subfield>
    <subfield code="a">181.07:I265rzA:v.1-2:c.2</subfield>
    <subfield code="g">1</subfield>
    <subfield code="i">01076229</subfield>
    <subfield code="j">.i12806687</subfield>
    <subfield code="l">u0503</subfield>
  </datafield>
  <datafield tag="945" ind1=" " ind2=" ">
    <subfield code="f">J</subfield>
    <subfield code="a">181.07:I265rzA:v.1-2:c.1</subfield>
    <subfield code="g">1</subfield>
    <subfield code="i">01076231</subfield>
    <subfield code="j">.i12806699</subfield>
    <subfield code="l">u0503</subfield>
  </datafield>
  <datafield tag="945" ind1=" " ind2=" ">
    <subfield code="f">J</subfield>
    <subfield code="a">181.07:I265rzA:v.3-4:c.2</subfield>
    <subfield code="g">1</subfield>
    <subfield code="i">01076233</subfield>
    <subfield code="j">.i12806705</subfield>
    <subfield code="l">u0503</subfield>
  </datafield>
  <datafield tag="945" ind1=" " ind2=" ">
    <subfield code="f">J</subfield>
    <subfield code="a">181.07:I265rzA:v.3-4:c.3 (discard-150123)</subfield>
    <subfield code="g">1</subfield>
    <subfield code="j">.i12806717</subfield>
    <subfield code="l">u0503</subfield>
  </datafield>
  <datafield tag="945" ind1=" " ind2=" ">
    <subfield code="f">J</subfield>
    <subfield code="a">181.07:I265rzA:v.3-4:c.1</subfield>
    <subfield code="g">1</subfield>
    <subfield code="i">01076232</subfield>
    <subfield code="j">.i12806729</subfield>
    <subfield code="l">u0503</subfield>
  </datafield>
  <datafield tag="945" ind1=" " ind2=" ">
    <subfield code="f">J</subfield>
    <subfield code="a">181.07:I265rzA:v.1:c.3</subfield>
    <subfield code="g">1</subfield>
    <subfield code="i">00486306</subfield>
    <subfield code="j">.i19850311</subfield>
    <subfield code="l">u0503</subfield>
  </datafield>
  <datafield tag="945" ind1=" " ind2=" ">
    <subfield code="f">J</subfield>
    <subfield code="a">181.07:I265rzA:v.2:c.3</subfield>
    <subfield code="g">1</subfield>
    <subfield code="i">00486307</subfield>
    <subfield code="j">.i19850323</subfield>
    <subfield code="l">u0503</subfield>
  </datafield>
  <datafield tag="945" ind1=" " ind2=" ">
    <subfield code="f">J</subfield>
    <subfield code="a">181.07:I265rzA:v.3:c.3</subfield>
    <subfield code="g">1</subfield>
    <subfield code="i">00486308</subfield>
    <subfield code="j">.i19850335</subfield>
    <subfield code="l">u0503</subfield>
  </datafield>
  <datafield tag="945" ind1=" " ind2=" ">
    <subfield code="f">J</subfield>
    <subfield code="a">181.07:I265rzA:v.4:c.3</subfield>
    <subfield code="g">1</subfield>
    <subfield code="i">00486309</subfield>
    <subfield code="j">.i19850347</subfield>
    <subfield code="l">u0503</subfield>
  </datafield>
  <datafield tag="998" ind1=" " ind2=" ">
    <subfield code="a">u05</subfield>
    <subfield code="b">97-02-21</subfield>
    <subfield code="c">m</subfield>
    <subfield code="d">a</subfield>
    <subfield code="e">-</subfield>
    <subfield code="f">ara</subfield>
    <subfield code="g">ua </subfield>
    <subfield code="h">0</subfield>
    <subfield code="i">5</subfield>
  </datafield>
</record>
</collection>
